<record><leader>00000cas a2200000 a 4500</leader><controlfield tag="001">906037756</controlfield><controlfield tag="008">150402c20159999ksumr ne      0   a0eng c</controlfield><datafield ind1=" " ind2=" " tag="010"><subfield code="a">  2015269506</subfield></datafield><datafield ind1=" " ind2=" " tag="040"><subfield code="a">KSH</subfield><subfield code="b">eng</subfield><subfield code="c">KSH</subfield><subfield code="d">KSH</subfield><subfield code="d">DLC</subfield><subfield code="d">OCLCF</subfield></datafield><datafield ind1=" " ind2=" " tag="037"><subfield code="b">Pottawatomie County Recorder, P.O. Drawer C, Emporia, KS 66801</subfield></datafield><datafield ind1=" " ind2=" " tag="042"><subfield code="a">pcc</subfield></datafield><datafield ind1=" " ind2=" " tag="043"><subfield code="a">n-us-ks</subfield></datafield><datafield ind1="0" ind2="4" tag="245"><subfield code="a">The Pottawatomie County recorder.</subfield></datafield><datafield ind1=" " ind2=" " tag="260"><subfield code="a">Emporia, Kan. :</subfield><subfield code="b">Westmoreland recorder,</subfield><subfield code="c">2015-</subfield></datafield><datafield ind1=" " ind2=" " tag="300"><subfield code="a">v. :</subfield><subfield code="b">ill. ;</subfield><subfield code="c">58 cm.</subfield></datafield><datafield ind1=" " ind2=" " tag="310"><subfield code="a">Monthly, last Tuesday of each month</subfield></datafield><datafield ind1="0" ind2=" " tag="362"><subfield code="a">Vol. 1, no. 1 (Jan. 27, 2015)-</subfield></datafield><datafield ind1=" " ind2=" " tag="500"><subfield code="a">"A publication of the Westmoreland Recorder."</subfield></datafield><datafield ind1=" " ind2="0" tag="651"><subfield code="a">Westmoreland (Kan.)</subfield><subfield code="v">Newspapers.</subfield></datafield><datafield ind1=" " ind2="7" tag="655"><subfield code="a">Newspapers.</subfield><subfield code="2">fast</subfield><subfield code="0">(OCoLC)fst01423814</subfield></datafield><datafield ind1=" " ind2="7" tag="651"><subfield code="a">Kansas</subfield><subfield code="z">Westmoreland.</subfield><subfield code="2">fast</subfield><subfield code="0">(OCoLC)fst01886647</subfield></datafield><datafield ind1=" " ind2=" " tag="752"><subfield code="a">United States</subfield><subfield code="b">Kansas</subfield><subfield code="c">Pottawatomie</subfield><subfield code="d">Westmoreland.</subfield></datafield><datafield ind1="0" ind2="0" tag="780"><subfield code="t">Westmoreland recorder (Westmoreland, Kan. : 1919)</subfield><subfield code="x">2169-5156</subfield><subfield code="w">(DLC)sn 85031760</subfield><subfield code="w">(OCoLC)12378160</subfield></datafield><datafield ind1="4" ind2="1" tag="856"><subfield code="u">http://westyrecorder.com/</subfield><subfield code="z">View current and archived issues, plus recent stories</subfield></datafield></record>